@online{example,
	author = {Example},
	title = {Some exmaple},
	url = {https://www.example.com/},
	year = {2019}
}
